<?xml version="1.0" encoding="UTF-8"?><collection xmlns="http://www.loc.gov/MARC21/slim"><record><leader>00364nam--2200121-i-4500</leader><controlfield tag="001">000033352</controlfield><controlfield tag="002">20161230</controlfield><controlfield tag="005">20161230201039</controlfield><controlfield tag="008">060222s1000------------r-----000-0-eng-d</controlfield><datafield ind1=" " ind2=" " tag="245"><subfield code="a">Monographs in modern electrical technology. vol.5: computer-aided design of electric machinery</subfield></datafield><datafield ind1=" " ind2=" " tag="260"><subfield code="a">Cambridge, The M.I.T.Press, 1971</subfield></datafield><datafield ind1=" " ind2=" " tag="700"><subfield code="a">Kusko, Alexander</subfield></datafield><datafield ind1=" " ind2=" " tag="852"><subfield code="a">37658</subfield></datafield></record></collection>